2462 3653
713 878 860 931 Genj‚
898 872 1105 920 Ministri
1145 874 1285 928 miei,
1326 874 1430 927 voi,
1469 868 1554 916 che
1598 866 1769 916 abitare

714 948 856 991 Meco
893 947 907 989 i
946 939 1111 989 freschi
1151 942 1200 989 di
1238 939 1415 1006 Pimpla
1455 943 1574 987 antri
1615 937 1763 995 beati,

710 1018 857 1071 Genj,
897 1017 1079 1073 venite.-
1117 1017 1169 1058 In
1210 1010 1247 1058 si
1284 1008 1432 1077 gentil
1472 1009 1609 1057 fatica

716 1087 829 1131 Non
868 1079 1121 1129 v'incresca
1162 1079 1320 1128 sudas.
1359 1084 1524 1147 Degna
1564 1079 1585 1126 ὲ
1627 1078 1675 1125 di
1715 1082 1816 1124 voi.

714 1157 871 1200 Pronti
909 1150 951 1198 31
992 1148 1073 1197 suo
1112 1150 1184 1198 dir
1222 1148 1269 1197 su
1309 1147 1511 1197 colorare
1550 1154 1708 1216 piume

716 1220 892 1271 Scesem
931 1226 946 1268 i
983 1226 1128 1279 Genj,
1167 1221 1223 1268 ed
1263 1219 1352 1267 ala
1386 1224 1483 1267 Dea
1521 1238 1676 1267 recaro

713 1297 901 1355 Quante
941 1294 1198 1358 immagini
1238 1295 1372 1348 vive,
1412 1310 1434 1337 e
1470 1294 1631 1357 quanti
1671 1285 1792 1336 serba

714 1366 929 1411 Animati
967 1359 1141 1418 colori,
1181 1381 1203 1408 e
1244 1365 1404 1429 quanti
1444 1361 1590 1408 nudre

713 1438 815 1481 Fior
853 1452 950 1480 non
989 1429 1190 1479 caduchi
1230 1430 1271 1478 13
1310 1429 1514 1497 Pimplea
1554 1429 1770 1496 pendice.

608 1510 665 1552 La
702 1507 798 1551 Dea
823 1502 869 1551 'sl
908 1500 1081 1550 accinse
1121 1521 1145 1548 3
1185 1499 1372 1569 l'Opra.
1412 1499 1510 1548 Elia
1551 1499 1770 1547 mirando

711 1577 831 1637 Qle’
869 1571 1032 1621 sentiet
1071 1576 1183 1620 tutti
1222 1592 1245 1618 a
1285 1569 1548 1638 l'aspettato
1588 1575 1702 1617 Eroe

712 1642 802 1693 Gissa
841 1648 1121 1692 riccamente
1160 1643 1354 1699 adomi,
1392 1661 1415 1688 e
1455 1640 1538 1688 che
1577 1639 1657 1708 qui
1695 1636 1865 1695 fanno,

715 1718 751 1763 E
789 1712 874 1763 che
913 1712 994 1781 qui
1033 1711 1139 1770 fan,
1179 1713 1336 1769 dicea‚
1375 1711 1528 1779 queste
1568 1715 1617 1757 in
1652 1708 1690 1756 si
1728 1727 1875 1775 vago,

713 1785 929 1833 Studiato
966 1780 1144 1849 asperto
1180 1780 1316 1829 elerte
1355 1785 1502 1829 merci
1542 1778 1712 1846 esposte

714 1853 774 1902 Al
798 1854 981 1921 guardo
1015 1856 1318 1899 ammirator?
1357 1848 1483 1900 Vuol
1509 1850 1668 1916 questo
1703 1853 1898 1915 giorno,

712 1922 840 1974 Vuol
881 1922 1062 1981 l'Eroe‚
1101 1921 1185 1970 che
1225 1920 1443 1977 l'onora,
1483 1918 1587 1967 altri
1627 1923 1918 1974 ornamenti,

715 1992 844 2042 Altre
883 1995 1099 2048 dovizie‚
1138 2011 1234 2037 non
1273 1993 1330 2039 da
1371 1990 1396 2036 Γ
1420 1991 1531 2037 Inde
1575 2006 1732 2045 arene,

715 2068 830 2111 Non
868 2060 944 2111 dal
983 2059 1165 2109 Gallico
1202 2058 1328 2116 suol,
1366 2077 1463 2105 non
1502 2056 1577 2105 dal
1600 2061 1848 2113 Britanno,

714 2138 830 2183 Non
869 2130 945 2181 dal
984 2137 1159 2179 Batavo
1197 2128 1338 2176 tolte.
1380 2125 1484 2196 Egli
1523 2125 1563 2174 le
1603 2124 1675 2173 sue

715 2201 791 2252 Sol
816 2220 947 2259 ama,
985 2219 1009 2247 e
1046 2198 1112 2248 sol
1152 2204 1219 2246 mi
1258 2198 1447 2255 chiede‚
1485 2217 1508 2244 e
1542 2194 1605 2243 sol
1645 2196 1693 2242 di
1731 2194 1883 2262 queste

714 2270 872 2331 Vuol‚
911 2270 995 2319 che
1033 2268 1066 2318 il
1105 2268 1341 2336 paffaggio
1378 2265 1458 2315 suo
1492 2283 1614 2313 tutto
1653 2261 1907 2330 risplenda.

716 2350 779 2392 Su
817 2343 1007 2409 dunque
1045 2359 1070 2387 3
1108 2338 1275 2406 l’uopo
1315 2342 1414 2384 mio
1453 2336 1530 2384 chi
1576 2340 1643 2382 mi
1682 2334 1863 2382 difien-a

714 2418 784 2461 De
819 2410 860 2458 13
899 2409 1055 2458 Pisana
1096 2427 1199 2457 vera
1238 2406 1396 2456 Gloria
1436 2406 1468 2453 il
1509 2404 1657 2463 sacro,

715 2480 947 2532 Inesausto
984 2477 1183 2528 Tesoro?
1223 2485 1273 2526 10
1310 2497 1407 2524 non
1446 2474 1504 2523 νό
1542 2474 1753 2523 alu-oncle

716 2554 876 2619 Fregio
915 2570 938 2597 3
978 2547 1199 2616 idisegni
1238 2552 1373 2595 miei.
1411 2546 1536 2609 Qui,
1576 2546 1697 2592 dove
1721 2541 1751 2589 il
1779 2561 1916 2591 vasco

719 2626 876 2669 Primo
912 2640 935 2667 a
975 2624 989 2668 i
1029 2618 1133 2687 paffi
1171 2618 1203 2666 fi
1241 2618 1470 2684 appresta,
1508 2618 1692 2682 egregia
1731 2611 1843 2660 Tela

719 2688 1100 2739 L'Antichiffima
1138 2686 1356 2737 adombri
1394 2688 1575 2752 Origin’
1597 2683 1687 2730 alta

718 2765 790 2810 De
828 2757 1034 2808 l'inclito
1070 2762 1368 2824 Legnaggio,
1405 2776 1428 2803 e
1467 2754 1508 2803 13
1548 2754 1685 2820 figuri

720 2835 908 2891 Pianta,
944 2826 1032 2878 che
1068 2843 1244 2896 quanto
1282 2831 1331 2874 in
1369 2823 1454 2873 ciel
1492 2822 1594 2872 leva
1633 2818 1846 2870 l’annoso
